<?xml version="1.0" encoding="UTF-8"?><record xmlns="http://www.loc.gov/MARC21/slim" xmlns:cinclude="http://apache.org/cocoon/include/1.0" xmlns:zs="http://www.loc.gov/zing/srw/">
  <leader>01603cz  a2200253n  4500</leader>
  <controlfield tag="001">n  80119470 </controlfield>
  <controlfield tag="003">DLC</controlfield>
  <controlfield tag="005">20131129073621.0</controlfield>
  <controlfield tag="008">800916n| azannaabn          |a aaa      </controlfield>
  <datafield tag="010" ind1=" " ind2=" ">
    <subfield code="a">n  80119470 </subfield>
  </datafield>
  <datafield tag="035" ind1=" " ind2=" ">
    <subfield code="a">(OCoLC)oca00500089</subfield>
  </datafield>
  <datafield tag="040" ind1=" " ind2=" ">
    <subfield code="a">DLC</subfield>
    <subfield code="b">eng</subfield>
    <subfield code="e">rda</subfield>
    <subfield code="c">DLC</subfield>
    <subfield code="d">DLC</subfield>
    <subfield code="d">IEN</subfield>
  </datafield>
  <datafield tag="100" ind1="1" ind2=" ">
    <subfield code="a">Forje, John W.</subfield>
  </datafield>
  <datafield tag="370" ind1=" " ind2=" ">
    <subfield code="c">Sweden</subfield>
    <subfield code="c">Cameroon</subfield>
    <subfield code="c">Great Britain</subfield>
    <subfield code="c">South Africa</subfield>
  </datafield>
  <datafield tag="372" ind1=" " ind2=" ">
    <subfield code="a">Africa--Politics and government</subfield>
    <subfield code="a">Cameroon--Politics and government</subfield>
    <subfield code="2">lcsh</subfield>
  </datafield>
  <datafield tag="373" ind1=" " ind2=" ">
    <subfield code="a">University of Yaounde휍혖 II</subfield>
    <subfield code="2">naf</subfield>
    <subfield code="s">1998</subfield>
  </datafield>
  <datafield tag="375" ind1=" " ind2=" ">
    <subfield code="a">male</subfield>
  </datafield>
  <datafield tag="377" ind1=" " ind2=" ">
    <subfield code="a">eng</subfield>
  </datafield>
  <datafield tag="378" ind1=" " ind2=" ">
    <subfield code="q">John Wilson</subfield>
  </datafield>
  <datafield tag="400" ind1="1" ind2=" ">
    <subfield code="a">Forje, J. W.</subfield>
    <subfield code="q">(John W.)</subfield>
  </datafield>
  <datafield tag="670" ind1=" " ind2=" ">
    <subfield code="a">His Planning for development, 1973.</subfield>
  </datafield>
  <datafield tag="670" ind1=" " ind2=" ">
    <subfield code="a">Central Africa, c2005:</subfield>
    <subfield code="b">t.p. (John W. Forje) p. vii (currently Archie Mafeje fellow at the African Inst. of South Africa, Pretoria; lecturer in the Dept. of Political Sci., Univ. of Yaounde휍혖 II-Soa; visiting lecturer, Univ. of Buea, Cameroon)</subfield>
  </datafield>
  <datafield tag="670" ind1=" " ind2=" ">
    <subfield code="a">The challenge of African economic and technological development ..., 1978:</subfield>
    <subfield code="b">t.p. (John W. Forje) p.iii (J. W. Forje)</subfield>
  </datafield>
  <datafield tag="670" ind1=" " ind2=" ">
    <subfield code="a">Peace from Harmony website, viewed Nov. 27, 2013</subfield>
    <subfield code="b">(John W. Forje, African peace scientist, educator and peacemaker; John Wilson Forje; address: Dept. of Political Science, University of Yaounde II-Soa, Yaounde, Cameroon; or, Lund, Sweden; citizenship, Cameroonian; diploma in public management, 1998, Advanced School of Public Management, Yaounde; PhD in science and technology policy, Univ. of Salford, 1986; Fil dr., political science, 1982, Univ. of Lund; M.A., European politics and international relations, 1976, Univ. of Hull, U.K.)</subfield>
  </datafield>
</record>